@article{ronn1990np,
  title={NP-complete stable matching problems},
  author={Ronn, Eytan},
  journal={Journal of Algorithms},
  volume={11},
  number={2},
  pages={285--304},
  year={1990},
  publisher={Elsevier}
}

@article{hubscher2010assigning,
  title={Assigning students to groups using general and context-specific criteria},
  author={H{\"u}bscher, Roland},
  journal={Learning Technologies, IEEE Transactions on},
  volume={3},
  number={3},
  pages={178--189},
  year={2010},
  publisher={IEEE}
}

@book{glover1997tabu,
  title={Tabu Search},
  author={Glover, Fred and Laguna, Manuel},
  publisher={Kluwer Academic Publishers},
  year={1997}
}

@book{glover2003handbook,
  title={Handbook of metaheuristics},
  author={Glover, Fred and Kochenberger, Gary A},
  year={2003},
  publisher={Springer Science \& Business Media}
}